<?xml version="1.0" encoding="UTF-8"?><collection xmlns="http://www.loc.gov/MARC21/slim"><record><leader>00418nam--2200121-i-4500</leader><controlfield tag="001">000036995</controlfield><controlfield tag="002">20161230</controlfield><controlfield tag="005">20161230201041</controlfield><controlfield tag="008">060222s1000------------r-----000-0-eng-d</controlfield><datafield ind1=" " ind2=" " tag="245"><subfield code="a">Princeton mathematical series. vol.30: singular integrals and differentialbility properties of functions</subfield></datafield><datafield ind1=" " ind2=" " tag="260"><subfield code="a">Princeton, Princeton Univ.Press, 1970</subfield></datafield><datafield ind1=" " ind2=" " tag="700"><subfield code="a">Griffiths, Philip A., Morse, Marston And Stein, Elias M</subfield></datafield><datafield ind1=" " ind2=" " tag="852"><subfield code="a">39944</subfield></datafield></record></collection>